<record><leader>00000cas a22000007a 4500</leader><controlfield tag="001">11566991</controlfield><controlfield tag="008">850110d18731882ncuwn ne      0    0eng  </controlfield><datafield ind1=" " ind2=" " tag="010"><subfield code="a">sn 84020798 </subfield></datafield><datafield ind1=" " ind2=" " tag="040"><subfield code="a">DLC</subfield><subfield code="b">eng</subfield><subfield code="c">DLC</subfield><subfield code="d">NPX</subfield><subfield code="d">NVJ</subfield><subfield code="d">GUA</subfield><subfield code="d">DLC</subfield><subfield code="d">OCLCQ</subfield></datafield><datafield ind1=" " ind2=" " tag="042"><subfield code="a">msc</subfield></datafield><datafield ind1="0" ind2="0" tag="050"><subfield code="a">Newspaper</subfield></datafield><datafield ind1="0" ind2="4" tag="245"><subfield code="a">The Monroe enquirer.</subfield></datafield><datafield ind1=" " ind2=" " tag="260"><subfield code="a">Monroe, N.C. :</subfield><subfield code="b">William C. Wolfe</subfield></datafield><datafield ind1=" " ind2=" " tag="300"><subfield code="a">v.</subfield></datafield><datafield ind1=" " ind2=" " tag="310"><subfield code="a">Weekly (except at Christmas)</subfield></datafield><datafield ind1="1" ind2=" " tag="362"><subfield code="a">Began in 1873; ceased in 1882.</subfield></datafield><datafield ind1=" " ind2=" " tag="500"><subfield code="a">Democratic.</subfield></datafield><datafield ind1=" " ind2=" " tag="588"><subfield code="a">Description based on: Vol. 3, no. 1 (June 1, 1875).</subfield></datafield><datafield ind1=" " ind2=" " tag="752"><subfield code="a">United States</subfield><subfield code="b">North Carolina</subfield><subfield code="c">Union</subfield><subfield code="d">Monroe.</subfield></datafield><datafield ind1="0" ind2="7" tag="785"><subfield code="t">Monroe express</subfield><subfield code="w">(DLC)sn 91068473</subfield></datafield><datafield ind1="0" ind2="7" tag="785"><subfield code="t">Monroe enquirer and express</subfield><subfield code="w">(DLC)sn 91068474</subfield></datafield><datafield ind1="1" ind2=" " tag="029"><subfield code="a">AU@</subfield><subfield code="b">000026222785</subfield></datafield></record>